@misc{lavoie_2020, title={sglavoie/grades\_calculator}, url={https://github.com/sglavoie/grades_calculator}, journal={GitHub}, author={Lavoie, Sebastien}, year={2020}, month={Aug}}

@misc{muralidharan_2020, title={{BSc Degree Planner}}, url={https://docs.google.com/spreadsheets/d/1w5mFDaEB86q9zj-sdn_FZ8ivu5ALSfPsvBw8iOZ7qkY}, journal={Google Sheets}, author={Muralidharan, Arjun}, year={2019}, month={Jul}}

@misc{gpa_calculator, title={{GPA Calculator}}, url={https://gpacalculator.io/}, journal={GPA Calculator}}

@misc{slack, title={{Slack Student Workspace (non-public)}}, url={https://app.slack.com/client/TDT1N1BUG/C01A9AR0A4C}, journal={Slack}}

@misc{uol, title={{University of London Student Portal (non-public)}}, url={https://my.london.ac.uk/group/student}, journal={University of London}}

@misc{glassdoor, title={{Glassdoor}}, url={https://glassdoor.com}, journal={Glassdoor}}

@article{hutson_2015, title={{The Thirst for Competition}}, url={https://www.theatlantic.com/magazine/archive/2015/10/why-we-compete/403201/}, journal={The Atlantic}, publisher={Atlantic Media Company}, author={Hutson, Matthew}, year={2015}, month={Oct}}

@book{bowman_1998, place={New York}, title={Strategy in practice}, publisher={Prentice Hall Europe}, author={Bowman, Cliff}, year={1998}}

@article{panagiotou_2003, title={Bringing SWOT into Focus}, volume={14}, DOI={10.1111/1467-8616.00253}, number={2}, journal={Business Strategy Review}, author={Panagiotou, George}, year={2003}, pages={8â€“10}}